@book
{
  Bec99,
  author={Cynthia Andres and Kent Beck},
  title={Extreme programming explained.},
  publisher={Addison Wesley},
  year={2009}
}

@misc
{
  Fow00,
  author={Martin Fowler},
  title={Continuous Integration},
  note={http://www.martinfowler.com/articles/originalContinuousIntegration.html},
  year={2000}
}

@book
{
  Duv07,
  author={Paul M. Duvall},
  title={Continuous Integration: Improving Software Quality and Reducing Risk.},
  publisher={Addison Wesley},
  year={2007}
}

@misc
{
  Swa04,
  author={Michael Swanson},
  title={Automated Continous Integration and the Ambient Orb},
  note={http://blogs.msdn.com/b/mswanson/archive/2004/06/29/169058.aspx},
  year={2004}
}

@misc
{
  Fow06,
  author={Martin Fowler},
  title={Continuous Integration},
  note={http://www.martinfowler.com/articles/continuousIntegration.html},
  year={2006}
}

@book
{
  Bar03,
  author={Paul Barham},
  title={Xen and the Art of Virtualization.},
  publisher={ACM SIGOPS Operating Systems Review, 164-177},
  year={2003}
}

@misc
{
  Mic16,
  author={Microsoft},
  title={Test d'int√©gration},
  note={https://msdn.microsoft.com/fr-fr/library/aa292128(v=vs.71).aspx},
  year={2016}
}

@book
{
  McC96,
  author={Steve McConnel},
  title={IEEE Software.},
  year={1996}
}

@book
{
  Kan03,
  author={Kan},
  title={Metrics and Models in Software Quality Engineering.},
  publisher={Addison-Wesley},
  year={2003}
}

@book
{
  Wat96,
  author={McCabe Watson},
  title={Structured Testing: A Testing Methodology Using the Cyclomatic Complexity Metric.},
  publisher={NIST Special Publication},
  year={1996}
}

@misc
{
  Oct16,
  author={OCTO},
  title={Octo Blog},
  note={http://blog.octo.com/},
  year={2016}
}

@book
{
  Far10,
  author={David Farley and Jez Humble},
  title={Continuous Delivery: Reliable Software Releases through Build, Test, and Deployment Automation.},
  publisher={Addison-Wesley},
  year={2011}
}

@book
{
  HF01,
  author={Jim Highsmith and Martin Fowler},
  title=The Agile Manifesto.},
  publisher={Software Development Magazine},
  year={2001}
}

@misc
{
  Fow13,
  author={Martin Fowler},
  title={DeployementPipeline},
  note={http://martinfowler.com/bliki/DeploymentPipeline.html},
  year={2013}
}

@misc
{
  Lis09,
  author={Barbara Liskov},
  title={The power of Abstraction},
  note={https://www.youtube.com/watch?v=GDVAHA0oyJU},
  year={2009}
}

@misc
{
  OCTO,
  author={OCTO},
  title={OCTO Blog},
  note={http://www.blog.octo.com/},
}
