@book
{
  Bec99,
  author={Cynthia Andres Kent Beck},
  title={Extreme programming explained.},
  publisher={Addison Wesley},
  year={2009}
}

@misc
{
  Fow00,
  author={Martin Fowler},
  title={Continuous Integration},
  note={http://www.martinfowler.com/articles/originalContinuousIntegration.html},
  year={2000}
}

@book
{
  Duv07,
  author={Paul M. Duvall},
  title={Continuous Integration: Improving Software Quality and Reducing Risk.},
  publisher={Addison Wesley},
  year={2007}
}

@misc
{
  Swa04,
  author={Michael Swanson},
  title={Automated Continous Integration and the Ambient Orb},
  note={http://blogs.msdn.com/b/mswanson/archive/2004/06/29/169058.aspx},
  year={2004}
}

@misc
{
  Fow06,
  author={Martin Fowler},
  title={Continuous Integration},
  note={http://www.martinfowler.com/articles/continuousIntegration.html},
  year={2006}
}

@book
{
  Bar03,
  author={Paul Barham},
  title={Xen and the Art of Virtualization.},
  publisher={ACM SIGOPS Operating Systems Review, 164-177},
  year={2003}
}

@misc
{
  Mic16,
  author={Microsoft},
  title={Test d'int√©gration},
  note={https://msdn.microsoft.com/fr-fr/library/aa292128(v=vs.71).aspx},
  year={2016}
}

https://msdn.microsoft.com/fr-fr/library/aa292128(v=vs.71).aspx
